<record><leader>00000cas a22000007a 4500</leader><controlfield tag="001">1715433</controlfield><controlfield tag="008">751019d18871931mnudn ne      0    0eng  </controlfield><datafield ind1=" " ind2=" " tag="010"><subfield code="a">sn 83016588 </subfield></datafield><datafield ind1=" " ind2=" " tag="040"><subfield code="a">DLC</subfield><subfield code="b">eng</subfield><subfield code="c">MUL</subfield><subfield code="d">DLC</subfield><subfield code="d">NSD</subfield><subfield code="d">MN#</subfield><subfield code="d">OCLCQ</subfield><subfield code="d">OCLCF</subfield><subfield code="d">OCLCO</subfield></datafield><datafield ind1="1" ind2=" " tag="029"><subfield code="a">AU@</subfield><subfield code="b">000025838954</subfield></datafield><datafield ind1=" " ind2=" " tag="042"><subfield code="a">msc</subfield></datafield><datafield ind1=" " ind2=" " tag="043"><subfield code="a">n-us-mn</subfield></datafield><datafield ind1=" " ind2=" " tag="052"><subfield code="a">4144</subfield><subfield code="b">M3</subfield></datafield><datafield ind1=" " ind2=" " tag="052"><subfield code="a">4143</subfield><subfield code="b">B6</subfield></datafield><datafield ind1="0" ind2="0" tag="245"><subfield code="a">Mankato daily free press.</subfield></datafield><datafield ind1="1" ind2="3" tag="246"><subfield code="a">Daily free press</subfield></datafield><datafield ind1=" " ind2=" " tag="260"><subfield code="a">Mankato, Minn. :</subfield><subfield code="b">Free Press Print. Co.,</subfield><subfield code="c">1887-1931.</subfield></datafield><datafield ind1=" " ind2=" " tag="300"><subfield code="a">45 v.</subfield></datafield><datafield ind1=" " ind2=" " tag="310"><subfield code="a">Daily (except Sun.)</subfield></datafield><datafield ind1="0" ind2=" " tag="362"><subfield code="a">Vol. 1, no. 1 (Apr. 4, 1887)-v. 45, no. 153 (Sept. 30, 1931).</subfield></datafield><datafield ind1=" " ind2=" " tag="530"><subfield code="a">Available on microfilm from the Minnesota Historical Society.</subfield></datafield><datafield ind1=" " ind2="0" tag="651"><subfield code="a">Mankato (Minn.)</subfield><subfield code="v">Newspapers.</subfield></datafield><datafield ind1=" " ind2="7" tag="655"><subfield code="a">Newspapers.</subfield><subfield code="2">fast</subfield><subfield code="0">(OCoLC)fst01423814</subfield></datafield><datafield ind1=" " ind2="7" tag="651"><subfield code="a">Minnesota</subfield><subfield code="z">Mankato.</subfield><subfield code="2">fast</subfield><subfield code="0">(OCoLC)fst01208513</subfield></datafield><datafield ind1=" " ind2=" " tag="752"><subfield code="a">United States</subfield><subfield code="b">Minnesota</subfield><subfield code="c">Blue Earth</subfield><subfield code="d">Mankato.</subfield></datafield><datafield ind1="0" ind2=" " tag="775"><subfield code="t">Mankato free press (Mankato, Minn. : 1879)</subfield><subfield code="w">(DLC)sn 83016589</subfield></datafield><datafield ind1="0" ind2="5" tag="780"><subfield code="t">Daily review (Mankato, Minn. : 1892)</subfield><subfield code="w">(DLC)sn 90059266</subfield></datafield><datafield ind1="0" ind2="0" tag="785"><subfield code="t">Mankato free press (Mankato, Minn. : 1931)</subfield><subfield code="w">(DLC)sn 87008336</subfield></datafield></record>